<record><leader>00000cas a22000007a 4500</leader><controlfield tag="001">16823401</controlfield><controlfield tag="008">871007d19451948paudn ne      0    0eng d</controlfield><datafield ind1=" " ind2=" " tag="010"><subfield code="a">sn 87080615 </subfield></datafield><datafield ind1=" " ind2=" " tag="040"><subfield code="a">NPH</subfield><subfield code="b">eng</subfield><subfield code="c">NPH</subfield><subfield code="d">OCLCQ</subfield></datafield><datafield ind1=" " ind2=" " tag="042"><subfield code="a">msc</subfield></datafield><datafield ind1="0" ind2=" " tag="130"><subfield code="a">Carbondale news (Carbondale, Pa. : 1945)</subfield></datafield><datafield ind1="1" ind2="0" tag="245"><subfield code="a">Carbondale news.</subfield></datafield><datafield ind1=" " ind2=" " tag="260"><subfield code="a">Carbondale, Pa. :</subfield><subfield code="b">Carbondale News,</subfield><subfield code="c">1945-1948.</subfield></datafield><datafield ind1=" " ind2=" " tag="300"><subfield code="a">3 v. :</subfield><subfield code="b">ill. ;</subfield><subfield code="c">43-60 cm.</subfield></datafield><datafield ind1=" " ind2=" " tag="310"><subfield code="a">Daily (except Sat. and Sun.)</subfield></datafield><datafield ind1="0" ind2=" " tag="362"><subfield code="a">Vol. 73, no. 230 (Aug 10, 1945)-v. 76, no. 22 (Feb. 2, 1948).</subfield></datafield><datafield ind1=" " ind2=" " tag="752"><subfield code="a">United States</subfield><subfield code="b">Pennsylvania</subfield><subfield code="c">Lackawanna</subfield><subfield code="d">Carbondale.</subfield></datafield><datafield ind1="0" ind2="0" tag="780"><subfield code="t">Carbondale news-leader</subfield><subfield code="w">(DLC)sn 87080614</subfield></datafield><datafield ind1="0" ind2="0" tag="785"><subfield code="t">Carbondale daily news</subfield><subfield code="w">(DLC)sn 87080616</subfield></datafield></record>